@article{beier92,
	author = {Beier, Thaddeus and Neely, Shawn},
	title = {Feature-based Image Metamorphosis},
	journal = {SIGGRAPH Comput. Graph.},
	issue_date = {July 1992},
	volume = {26},
	number = {2},
	month = jul,
	year = {1992},
	issn = {0097-8930},
	pages = {35--42},
	numpages = {8},
	url = {http://doi.acm.org/10.1145/142920.134003},
	doi = {10.1145/142920.134003},
	acmid = {134003},
	publisher = {ACM},
	address = {New York, NY, USA},
	keywords = {computer animation, image processing, interpolation, shape transformation},
}
